<record><leader>00000cas a2200000 a 4500</leader><controlfield tag="001">12727822</controlfield><controlfield tag="008">851028d18881888ksuwr ne      0    0eng d</controlfield><datafield ind1=" " ind2=" " tag="010"><subfield code="a">sn 85066723 </subfield></datafield><datafield ind1=" " ind2=" " tag="040"><subfield code="a">KSH</subfield><subfield code="b">eng</subfield><subfield code="c">KSH</subfield><subfield code="d">NPT</subfield><subfield code="d">OCL</subfield><subfield code="d">OCLCQ</subfield></datafield><datafield ind1=" " ind2=" " tag="042"><subfield code="a">msc</subfield></datafield><datafield ind1="0" ind2="0" tag="245"><subfield code="a">Wichita County farmer.</subfield></datafield><datafield ind1=" " ind2=" " tag="260"><subfield code="a">Coronado, Kan. :</subfield><subfield code="b">Gibbs &amp; Armstrong</subfield></datafield><datafield ind1=" " ind2=" " tag="300"><subfield code="a">v. ;</subfield><subfield code="c">56 cm.</subfield></datafield><datafield ind1=" " ind2=" " tag="310"><subfield code="a">Weekly</subfield></datafield><datafield ind1="1" ind2=" " tag="362"><subfield code="a">Began with Feb. 2, 1888 issue? Ceased with Mar. 1, 1888 issue?</subfield></datafield><datafield ind1=" " ind2=" " tag="500"><subfield code="a">Published by D.T. Armstrong, Mar. 1, 1888.</subfield></datafield><datafield ind1=" " ind2=" " tag="588"><subfield code="a">Description based on: Vol. 1, no. 2 (Feb. 9, 1888).</subfield></datafield><datafield ind1=" " ind2=" " tag="752"><subfield code="a">United States</subfield><subfield code="b">Kansas</subfield><subfield code="c">Wichita</subfield><subfield code="d">Coronado.</subfield></datafield><datafield ind1="0" ind2="0" tag="780"><subfield code="t">Coronado star</subfield><subfield code="w">(DLC)sn 85066734</subfield></datafield><datafield ind1="1" ind2=" " tag="029"><subfield code="a">AU@</subfield><subfield code="b">000022170158</subfield></datafield></record>